<?xml version="1.0" encoding="UTF-8"?><collection xmlns="http://www.loc.gov/MARC21/slim"><record><leader>00394nam--2200133-i-4500</leader><controlfield tag="001">000003321</controlfield><controlfield tag="002">20161230</controlfield><controlfield tag="005">20161230201025</controlfield><controlfield tag="008">060222s1000------------r-----000-0-eng-d</controlfield><datafield ind1=" " ind2=" " tag="100"><subfield code="a">Botez M. St. Si Al. Dumitrescu</subfield></datafield><datafield ind1=" " ind2=" " tag="245"><subfield code="a">Curs de geometrie descriptiva. editia a ii-a</subfield></datafield><datafield ind1=" " ind2=" " tag="260"><subfield code="a">Bucuresti, Tipografia Invatatamantului, 1955 401 P. Lito</subfield></datafield><datafield ind1=" " ind2=" " tag="852"><subfield code="a">4347</subfield><subfield code="c">515</subfield></datafield><datafield ind1=" " ind2=" " tag="CAT"><subfield code="a">Sys</subfield><subfield code="c">20080610</subfield><subfield code="h">111858</subfield></datafield></record></collection>